@inproceedings{hong2018aamas,
 author = {Hong, Zhang-Wei and Su, Shih-Yang and Shann, Tzu-Yun and Chang, Yi-Hsiang and Lee, Chun-Yi},
 title = {A Deep Policy Inference Q-Network for Multi-Agent Systems},
 booktitle = {Proceedings of the 17th International Conference on Autonomous Agents and MultiAgent Systems},
 year = {2018},
 pages = {1388--1396}
} 

@inproceedings{zhang2017aamas,
  author    = {Junzhe Zhang and
               Elias Bareinboim},
  title     = {Transfer Learning in Multi-Armed Bandit: {A} Causal Approach},
  booktitle = {Proceedings of the 16th Conference on Autonomous Agents and MultiAgent
               Systems},
  pages     = {1778--1780},
  year      = {2017},
   url       = {http://dl.acm.org/citation.cfm?id=3091436},
  timestamp = {Wed, 27 Sep 2017 07:24:00 +0200},
  biburl    = {https://dblp.org/rec/bib/conf/atal/ZhangB17},
  bibsource = {dblp computer science bibliography, https://dblp.org}
}

@inproceedings{ganesh2017aamas,
  author    = {Ganesh Ghalme and
               Shweta Jain and
               Sujit Gujar and
               Y. Narahari},
  title     = {Thompson Sampling Based Mechanisms for Stochastic Multi-Armed Bandit
               Problems},
  booktitle = {Proceedings of the 16th Conference on Autonomous Agents and MultiAgent
               Systems},
  pages     = {87--95},
  year      = {2017},
   url       = {http://dl.acm.org/citation.cfm?id=3091143},
  timestamp = {Wed, 01 Aug 2018 13:38:12 +0200},
  biburl    = {https://dblp.org/rec/bib/conf/atal/GhalmeJGN17},
  bibsource = {dblp computer science bibliography, https://dblp.org}
}

@inproceedings{Chopra2017aamas,
  author    = {Amit K. Chopra and
               Samuel Christie and
               Munindar P. Singh},
  title     = {Splee: {A} Declarative Information-Based Language for Multiagent Interaction
               Protocols},
  booktitle = {Proceedings of the 16th Conference on Autonomous Agents and MultiAgent
               Systems},
  pages     = {1054--1063},
  year      = {2017},
  crossref  = {DBLP:conf/atal/2017},
  url       = {http://dl.acm.org/citation.cfm?id=3091274},
  timestamp = {Wed, 27 Sep 2017 07:24:00 +0200},
  biburl    = {https://dblp.org/rec/bib/conf/atal/ChopraCS17},
  bibsource = {dblp computer science bibliography, https://dblp.org}
}

@inproceedings{Pereira2017aamas,
  author    = {Lu{\'{\i}}s Moniz Pereira and
               Tom Lenaerts and
               Luis A. Martinez{-}Vaquero and
               The Anh Han},
  title     = {Social Manifestation of Guilt Leads to Stable Cooperation in Multi-Agent
               Systems},
  booktitle = {Proceedings of the 16th Conference on Autonomous Agents and MultiAgent
               Systems},
  pages     = {1422--1430},
  year      = {2017},
  crossref  = {DBLP:conf/atal/2017},
  url       = {http://dl.acm.org/citation.cfm?id=3091321},
  timestamp = {Wed, 27 Sep 2017 07:24:00 +0200},
  biburl    = {https://dblp.org/rec/bib/conf/atal/PereiraLMH17},
  bibsource = {dblp computer science bibliography, https://dblp.org}
}

@inproceedings{Singh2017aamas,
  author    = {Arambam James Singh and
               Akshat Kumar},
  title     = {Multiagent Coordination Using Graph Structured Mathematical Optimization},
  booktitle = {Proceedings of the 16th Conference on Autonomous Agents and MultiAgent
               Systems},
  pages     = {1739--1741},
  year      = {2017},
  crossref  = {DBLP:conf/atal/2017},
  url       = {http://dl.acm.org/citation.cfm?id=3091423},
  timestamp = {Wed, 27 Sep 2017 07:24:00 +0200},
  biburl    = {https://dblp.org/rec/bib/conf/atal/SinghK17},
  bibsource = {dblp computer science bibliography, https://dblp.org}
}


@inproceedings{Guha2018aamas,
  author    = {Shibashis Guha and
               Orna Kupferman and
               Gal Vardi},
  title     = {Multi-Player Flow Games},
  booktitle = {Proceedings of the 17th Conference on Autonomous Agents
               and MultiAgent Systems},
  pages     = {104--112},
  year      = {2018},
    url       = {http://dl.acm.org/citation.cfm?id=3237405},
  timestamp = {Mon, 16 Jul 2018 09:21:17 +0200},
  biburl    = {https://dblp.org/rec/bib/conf/atal/GuhaKV18},
  bibsource = {dblp computer science bibliography, https://dblp.org}
}

@inproceedings{Czumaj2017aamas,
  author    = {Artur Czumaj and
               Michail Fasoulakis and
               Marcin Jurdzinski},
  title     = {Multi-player Approximate Nash Equilibria},
  booktitle = {Proceedings of the 16th Conference on Autonomous Agents and MultiAgent
               Systems},
  pages     = {1511--1513},
  year      = {2017},
  crossref  = {DBLP:conf/atal/2017},
  url       = {http://dl.acm.org/citation.cfm?id=3091345},
  timestamp = {Wed, 27 Sep 2017 07:24:00 +0200},
  biburl    = {https://dblp.org/rec/bib/conf/atal/CzumajFJ17},
  bibsource = {dblp computer science bibliography, https://dblp.org}
}

@inproceedings{Rangi2018aamas,
  author    = {Anshuka Rangi and
               Massimo Franceschetti},
  title     = {Multi-Armed Bandit Algorithms for Crowdsourcing Systems with Online
               Estimation of Workers' Ability},
  booktitle = {Proceedings of the 17th Conference on Autonomous Agents
               and MultiAgent Systems},
  pages     = {1345--1352},
  year      = {2018},
    url       = {http://dl.acm.org/citation.cfm?id=3237900},
  timestamp = {Mon, 16 Jul 2018 09:21:17 +0200},
  biburl    = {https://dblp.org/rec/bib/conf/atal/RangiF18},
  bibsource = {dblp computer science bibliography, https://dblp.org}
}

@inproceedings{Leibo2017aamas,
  author    = {Joel Z. Leibo and
               Vin{\'{\i}}cius Flores Zambaldi and
               Marc Lanctot and
               Janusz Marecki and
               Thore Graepel},
  title     = {Multi-agent Reinforcement Learning in Sequential Social Dilemmas},
  booktitle = {Proceedings of the 16th Conference on Autonomous Agents and MultiAgent
               Systems},
  pages     = {464--473},
  year      = {2017},
  crossref  = {DBLP:conf/atal/2017},
  url       = {http://dl.acm.org/citation.cfm?id=3091194},
  timestamp = {Wed, 27 Sep 2017 07:24:00 +0200},
  biburl    = {https://dblp.org/rec/bib/conf/atal/LeiboZLMG17},
  bibsource = {dblp computer science bibliography, https://dblp.org}
}

@inproceedings{Rosello2018aamas,
  author    = {Pol Rosello and
               Mykel J. Kochenderfer},
  title     = {Multi-Agent Reinforcement Learning for Multi-Object Tracking},
  booktitle = {Proceedings of the 17th Conference on Autonomous Agents
               and MultiAgent Systems},
  pages     = {1397--1404},
  year      = {2018},
    url       = {http://dl.acm.org/citation.cfm?id=3237908},
  timestamp = {Mon, 16 Jul 2018 09:21:17 +0200},
  biburl    = {https://dblp.org/rec/bib/conf/atal/RoselloK18},
  bibsource = {dblp computer science bibliography, https://dblp.org}
}

@inproceedings{Marzag2017aamas,
  author    = {David Kohan Marzag{\~{a}}o and
               Nicolas Rivera and
               Colin Cooper and
               Peter McBurney and
               Kathleen Steinh{\"{o}}fel},
  title     = {Multi-Agent Flag Coordination Games},
  booktitle = {Proceedings of the 16th Conference on Autonomous Agents and MultiAgent
               Systems},
  pages     = {1442--1450},
  year      = {2017},
  url       = {http://dl.acm.org/citation.cfm?id=3091324},
  timestamp = {Wed, 27 Sep 2017 07:24:00 +0200},
  biburl    = {https://dblp.org/rec/bib/conf/atal/MarzagaoRCMS17},
  bibsource = {dblp computer science bibliography, https://dblp.org}
}

@inproceedings{Rostami2018aamas,
  author    = {Mohammad Rostami and
               Soheil Kolouri and
               Kyungnam Kim and
               Eric Eaton},
  title     = {Multi-Agent Distributed Lifelong Learning for Collective Knowledge
               Acquisition},
  booktitle = {Proceedings of the 17th Conference on Autonomous Agents
               and MultiAgent Systems},
  pages     = {712--720},
  year      = {2018},
    url       = {http://dl.acm.org/citation.cfm?id=3237489},
  timestamp = {Mon, 16 Jul 2018 09:21:17 +0200},
  biburl    = {https://dblp.org/rec/bib/conf/atal/RostamiKKE18},
  bibsource = {dblp computer science bibliography, https://dblp.org}
}

@inproceedings{Kong2018aamas,
  author    = {Jeremy Kong and
               Alessio Lomuscio},
  title     = {Model Checking Multi-Agent Systems against {LDLK} Specifications on
               Finite Traces},
  booktitle = {Proceedings of the 17th Conference on Autonomous Agents
               and MultiAgent Systems},
  pages     = {166--174},
  year      = {2018},
    url       = {http://dl.acm.org/citation.cfm?id=3237414},
  timestamp = {Mon, 16 Jul 2018 09:21:17 +0200},
  biburl    = {https://dblp.org/rec/bib/conf/atal/KongL18},
  bibsource = {dblp computer science bibliography, https://dblp.org}
}

@inproceedings{Pinheiro2018aamas,
  author    = {Fl{\'{a}}vio L. Pinheiro and
               Fernando P. Santos},
  title     = {Local Wealth Redistribution Promotes Cooperation in Multiagent Systems},
  booktitle = {Proceedings of the 17th Conference on Autonomous Agents
               and MultiAgent Systems},
  pages     = {786--794},
  year      = {2018},
    url       = {http://dl.acm.org/citation.cfm?id=3237500},
  timestamp = {Mon, 16 Jul 2018 09:21:17 +0200},
  biburl    = {https://dblp.org/rec/bib/conf/atal/PinheiroS18},
  bibsource = {dblp computer science bibliography, https://dblp.org}
}

@inproceedings{Gutierrez2018aamas,
  author    = {Julian Gutierrez and
               Paul Harrenstein and
               Thomas Steeples and
               Michael Wooldridge},
  title     = {Local Equilibria in Logic-Based Multi-Player Games},
  booktitle = {Proceedings of the 17th Conference on Autonomous Agents
               and MultiAgent Systems},
  pages     = {399--406},
  year      = {2018},
    url       = {http://dl.acm.org/citation.cfm?id=3237445},
  timestamp = {Mon, 16 Jul 2018 09:21:17 +0200},
  biburl    = {https://dblp.org/rec/bib/conf/atal/0001HSW18},
  bibsource = {dblp computer science bibliography, https://dblp.org}
}

@inproceedings{Phan2018aamas,
  author    = {Thomy Phan and
               Lenz Belzner and
               Thomas Gabor and
               Kyrill Schmid},
  title     = {Leveraging Statistical Multi-Agent Online Planning with Emergent Value
               Function Approximation},
  booktitle = {Proceedings of the 17th Conference on Autonomous Agents
               and MultiAgent Systems},
  pages     = {730--738},
  year      = {2018},
    url       = {http://dl.acm.org/citation.cfm?id=3237491},
  timestamp = {Mon, 16 Jul 2018 09:21:17 +0200},
  biburl    = {https://dblp.org/rec/bib/conf/atal/PhanBGS18},
  bibsource = {dblp computer science bibliography, https://dblp.org}
}

@inproceedings{Palmer2018aamas,
  author    = {Gregory Palmer and
               Karl Tuyls and
               Daan Bloembergen and
               Rahul Savani},
  title     = {Lenient Multi-Agent Deep Reinforcement Learning},
  booktitle = {Proceedings of the 17th Conference on Autonomous Agents
               and MultiAgent Systems},
  pages     = {443--451},
  year      = {2018},
    url       = {http://dl.acm.org/citation.cfm?id=3237451},
  timestamp = {Mon, 16 Jul 2018 09:21:17 +0200},
  biburl    = {https://dblp.org/rec/bib/conf/atal/PalmerTBS18},
  bibsource = {dblp computer science bibliography, https://dblp.org}
}

@inproceedings{Foerster2018aamas,
  author    = {Jakob N. Foerster and
               Richard Y. Chen and
               Maruan Al{-}Shedivat and
               Shimon Whiteson and
               Pieter Abbeel and
               Igor Mordatch},
  title     = {Learning with Opponent-Learning Awareness},
  booktitle = {Proceedings of the 17th Conference on Autonomous Agents
               and MultiAgent Systems},
  pages     = {122--130},
  year      = {2018},
    url       = {http://dl.acm.org/citation.cfm?id=3237408},
  timestamp = {Mon, 16 Jul 2018 09:21:17 +0200},
  biburl    = {https://dblp.org/rec/bib/conf/atal/FoersterCAWAM18},
  bibsource = {dblp computer science bibliography, https://dblp.org}
}

@inproceedings{Birdsey2017aamas,
  author    = {Lachlan Birdsey and
               Claudia Szabo and
               Katrina Falkner},
  title     = {Large-Scale Complex Adaptive Systems using Multi-Agent Modeling and
               Simulation},
  booktitle = {Proceedings of the 16th Conference on Autonomous Agents and MultiAgent
               Systems},
  pages     = {1478--1480},
  year      = {2017},
    url       = {http://dl.acm.org/citation.cfm?id=3091335},
  timestamp = {Wed, 27 Sep 2017 07:24:00 +0200},
  biburl    = {https://dblp.org/rec/bib/conf/atal/BirdseySF17},
  bibsource = {dblp computer science bibliography, https://dblp.org}
}

@inproceedings{Chocron2018aamas,
  author    = {Paula Chocron and
               Marco Schorlemmer},
  title     = {Inferring Commitment Semantics in Multi-Agent Interactions},
  booktitle = {Proceedings of the 17th Conference on Autonomous Agents
               and MultiAgent Systems},
  pages     = {1150--1158},
  year      = {2018},
   url       = {http://dl.acm.org/citation.cfm?id=3237867},
  timestamp = {Mon, 16 Jul 2018 09:21:17 +0200},
  biburl    = {https://dblp.org/rec/bib/conf/atal/ChocronS18},
  bibsource = {dblp computer science bibliography, https://dblp.org}
}

@inproceedings{Malvone2017aamas,
  author    = {Vadim Malvone and
               Aniello Murano and
               Loredana Sorrentino},
  title     = {Hiding Actions in Multi-Player Games},
  booktitle = {Proceedings of the 16th Conference on Autonomous Agents and MultiAgent
               Systems},
  pages     = {1205--1213},
  year      = {2017},
    url       = {http://dl.acm.org/citation.cfm?id=3091293},
  timestamp = {Wed, 27 Sep 2017 07:24:00 +0200},
  biburl    = {https://dblp.org/rec/bib/conf/atal/MalvoneMS17},
  bibsource = {dblp computer science bibliography, https://dblp.org}
}

@inproceedings{Turner2018aamas,
  author    = {Joanna Turner and
               Qinggang Meng and
               Gerald Schaefer and
               Andrea Soltoggio},
  title     = {Distributed Strategy Adaptation with a Prediction Function in Multi-Agent
               Task Allocation},
  booktitle = {Proceedings of the 17th Conference on Autonomous Agents
               and MultiAgent Systems},
  pages     = {739--747},
  year      = {2018},
  url       = {http://dl.acm.org/citation.cfm?id=3237492},
  timestamp = {Mon, 16 Jul 2018 09:21:17 +0200},
  biburl    = {https://dblp.org/rec/bib/conf/atal/TurnerMSS18},
  bibsource = {dblp computer science bibliography, https://dblp.org}
}

@inproceedings{Garant2017aamas,
  author    = {Daniel Garant and
               Bruno Castro da Silva and
               Victor R. Lesser and
               Chongjie Zhang},
  title     = {Context-Based Concurrent Experience Sharing in Multiagent Systems},
  booktitle = {Proceedings of the 16th Conference on Autonomous Agents and MultiAgent
               Systems},
  pages     = {1544--1546},
  year      = {2017},
  url       = {http://dl.acm.org/citation.cfm?id=3091356},
  timestamp = {Wed, 27 Sep 2017 07:24:00 +0200},
  biburl    = {https://dblp.org/rec/bib/conf/atal/GarantSLZ17},
  bibsource = {dblp computer science bibliography, https://dblp.org}
}

@inproceedings{Christie2018aamas,
  author    = {Samuel H. Christie V. and
               Amit K. Chopra and
               Munindar P. Singh},
  title     = {Compositional Correctness in Multiagent Interactions},
  booktitle = {Proceedings of the 17th Conference on Autonomous Agents
               and MultiAgent Systems},
  pages     = {1159--1167},
  year      = {2018},
  url       = {http://dl.acm.org/citation.cfm?id=3237868},
  timestamp = {Mon, 16 Jul 2018 09:21:17 +0200},
  biburl    = {https://dblp.org/rec/bib/conf/atal/VCS18},
  bibsource = {dblp computer science bibliography, https://dblp.org}
}

@inproceedings{Radulescu2017aamas,
  author    = {Roxana Radulescu and
               Peter Vrancx and
               Ann Now{\'{e}}},
  title     = {Analysing Congestion Problems in Multi-agent Reinforcement Learning},
  booktitle = {Proceedings of the 16th Conference on Autonomous Agents and MultiAgent
               Systems},
  pages     = {1705--1707},
  year      = {2017},
  url       = {http://dl.acm.org/citation.cfm?id=3091411},
  timestamp = {Wed, 27 Sep 2017 07:24:00 +0200},
  biburl    = {https://dblp.org/rec/bib/conf/atal/RadulescuVN17},
  bibsource = {dblp computer science bibliography, https://dblp.org}
}

@inproceedings{Bart2018aamas,
  author    = {Roman Bart{\'{a}}k and
               Jiri Svancara and
               Marek Vlk},
  title     = {A Scheduling-Based Approach to Multi-Agent Path Finding with Weighted
               and Capacitated Arcs},
  booktitle = {Proceedings of the 17th Conference on Autonomous Agents
               and MultiAgent Systems},
  pages     = {748--756},
  year      = {2018},
  url       = {http://dl.acm.org/citation.cfm?id=3237494},
  timestamp = {Mon, 16 Jul 2018 09:21:17 +0200},
  biburl    = {https://dblp.org/rec/bib/conf/atal/BartakSV18},
  bibsource = {dblp computer science bibliography, https://dblp.org}
}

@inproceedings{Lorini2017aamas,
  author    = {Emiliano Lorini and
               Fran{\c{c}}ois Schwarzentruber},
  title     = {A Path in the Jungle of Logics for Multi-agent System: On the Relation
               between General Game-playing Logics and Seeing-to-it-that Logics},
  booktitle = {Proceedings of the 16th Conference on Autonomous Agents and MultiAgent
               Systems},
  pages     = {687--695},
  year      = {2017},
  url       = {http://dl.acm.org/citation.cfm?id=3091224},
  timestamp = {Wed, 27 Sep 2017 07:24:00 +0200},
  biburl    = {https://dblp.org/rec/bib/conf/atal/LoriniS17},
  bibsource = {dblp computer science bibliography, https://dblp.org}
}

@inproceedings{Khan2018aamas,
  author    = {Md. Mosaddek Khan and
               Long Tran{-}Thanh and
               William Yeoh and
               Nicholas R. Jennings},
  title     = {A Near-Optimal Node-to-Agent Mapping Heuristic for GDL-Based {DCOP}
               Algorithms in Multi-Agent Systems},
  booktitle = {Proceedings of the 17th Conference on Autonomous Agents
               and MultiAgent Systems},
  pages     = {1604--1612},
  year      = {2018},
  url       = {http://dl.acm.org/citation.cfm?id=3237938},
  timestamp = {Tue, 17 Jul 2018 07:26:32 +0200},
  biburl    = {https://dblp.org/rec/bib/conf/atal/KhanTYJ18},
  bibsource = {dblp computer science bibliography, https://dblp.org}
}

@inproceedings{Cardoso2017aamas,
  author    = {Rafael C. Cardoso and
               Rafael H. Bordini},
  title     = {A Modular Framework for Decentralised Multi-Agent Planning},
  booktitle = {Proceedings of the 16th Conference on Autonomous Agents and MultiAgent
               Systems},
  pages     = {1487--1489},
  year      = {2017},
  url       = {http://dl.acm.org/citation.cfm?id=3091338},
  timestamp = {Wed, 27 Sep 2017 07:24:00 +0200},
  biburl    = {https://dblp.org/rec/bib/conf/atal/CardosoB17},
  bibsource = {dblp computer science bibliography, https://dblp.org}
}

@inproceedings{Khan2018aamas,
  author    = {Md. Mosaddek Khan and
               Long Tran{-}Thanh and
               Nicholas R. Jennings},
  title     = {A Generic Domain Pruning Technique for GDL-Based {DCOP} Algorithms
               in Cooperative Multi-Agent Systems},
  booktitle = {Proceedings of the 17th Conference on Autonomous Agents
               and MultiAgent Systems},
  pages     = {1595--1603},
  year      = {2018},
  url       = {http://dl.acm.org/citation.cfm?id=3237937},
  timestamp = {Mon, 16 Jul 2018 09:21:17 +0200},
  biburl    = {https://dblp.org/rec/bib/conf/atal/KhanTJ18},
  bibsource = {dblp computer science bibliography, https://dblp.org}
}

@inproceedings{Padmanabhan2017aamas,
  author    = {Divya Padmanabhan and
               Satyanath Bhat and
               Prabuchandran K. J. and
               Shirish K. Shevade and
               Y. Narahari},
  title     = {A Dominant Strategy Truthful, Deterministic Multi-Armed Bandit Mechanism
               with Logarithmic Regret},
  booktitle = {Proceedings of the 16th Conference on Autonomous Agents and MultiAgent
               Systems},
  pages     = {1667--1669},
  year      = {2017},
  url       = {http://dl.acm.org/citation.cfm?id=3091398},
  timestamp = {Wed, 27 Sep 2017 07:24:00 +0200},
  biburl    = {https://dblp.org/rec/bib/conf/atal/PadmanabhanBJSN17},
  bibsource = {dblp computer science bibliography, https://dblp.org}
}
@book{isaacs1999differential,
  title={Differential games: a mathematical theory with applications to warfare and pursuit, control and optimization},
  author={Isaacs, Rufus},
  year={1999}
}
@book{sutton1998reinforcement,
  title={Reinforcement learning: An introduction},
  author={Sutton, Richard S and Barto, Andrew G},
  volume={1},
  number={1},
  year={1998}
}
@article{mnih2013playing,
  title={Playing atari with deep reinforcement learning},
  author={Mnih, Volodymyr and Kavukcuoglu, Koray and Silver, David and Graves, Alex and Antonoglou, Ioannis and Wierstra, Daan and Riedmiller, Martin},
  journal={arXiv preprint arXiv:1312.5602},
  year={2013}
}
@article{silver2017mastering,
  title={Mastering the game of go without human knowledge},
  author={Silver, David and Schrittwieser, Julian and Simonyan, Karen and Antonoglou, Ioannis and Huang, Aja and Guez, Arthur and Hubert, Thomas and Baker, Lucas and Lai, Matthew and Bolton, Adrian and others},
  journal={Nature},
  volume={550},
  number={7676},
  pages={354},
  year={2017}
}
@article{lillicrap2015continuous,
  title={Continuous control with deep reinforcement learning},
  author={Lillicrap, Timothy P and Hunt, Jonathan J and Pritzel, Alexander and Heess, Nicolas and Erez, Tom and Tassa, Yuval and Silver, David and Wierstra, Daan},
  journal={arXiv preprint arXiv:1509.02971},
  year={2015}
}
@article{potential,
  title={Robotic Motion Planning: Potential Functions},
  author={Howie Choset},
  url = "http://www.cs.cmu.edu/~motionplanning/lecture/Chap4-Potential-Field_howie.pdf"
}

@article{DBLP:journals/corr/DuanCHSA16,
  author    = {Yan Duan and
               Xi Chen and
               Rein Houthooft and
               John Schulman and
               Pieter Abbeel},
  title     = {Benchmarking Deep Reinforcement Learning for Continuous Control},
  journal   = {CoRR},
  volume    = {abs/1604.06778},
  year      = {2016},
  url       = "https://github.com/rll/rllab",
  archivePrefix = {arXiv},
  eprint    = {1604.06778},
  timestamp = {Wed, 07 Jun 2017 14:41:27 +0200},
  biburl    = {https://dblp.org/rec/bib/journals/corr/DuanCHSA16},
  bibsource = {dblp computer science bibliography, https://dblp.org}
}

@article{brockman2016openai,
  title={Openai gym},
  author={Brockman, Greg and Cheung, Vicki and Pettersson, Ludwig and Schneider, Jonas and Schulman, John and Tang, Jie and Zaremba, Wojciech},
  journal={arXiv preprint arXiv:1606.01540},
  year={2016},
  url = "https://gym.openai.com/"
}

@article{pinto2017robust,
  title={Robust adversarial reinforcement learning},
  author={Pinto, Lerrel and Davidson, James and Sukthankar, Rahul and Gupta, Abhinav},
  journal={arXiv preprint arXiv:1703.02702},
  year={2017}
}
@article{fictibrown,
  title={Iterative solution of games by fictitious
play},
  author={Brown, G. W.},
  journal={Activity analysis of production and allocation
13(1):374–376},
  year={1951}
}
@article{adler2013equivalence,
  title={The equivalence of linear programs and zero-sum games},
  author={Adler, Ilan},
  journal={International Journal of Game Theory},
  volume={42},
  number={1},
  pages={165--177},
  year={2013}
}
@article{blum2007learning,
  title={Learning, regret minimization, and equilibria},
  author={Blum, Avrim and Monsour, Yishay},
  year={2007}
}
@inproceedings{mcmahan2003planning,
  title={Planning in the presence of cost functions controlled by an adversary},
  author={McMahan, H Brendan and Gordon, Geoffrey J and Blum, Avrim},
  booktitle={Proceedings of the 20th International Conference on Machine Learning (ICML-03)},
  pages={536--543},
  year={2003}
}
@inproceedings{liu2009pursuit,
  title={A pursuit-evasion algorithm based on hierarchical reinforcement learning},
  author={Liu, Jie and Liu, Shuhua and Wu, Hongyan and Zhang, Yu},
  booktitle={International Conference on Measuring Technology and Mechatronics Automation},
  volume={2},
  pages={482--486},
  year={2009}
}
@article{givigi2014decentralized,
  title={Decentralized strategy selection with learning automata for multiple pursuer--evader games},
  author={Givigi Jr, Sidney N and Schwartz, Howard M},
  journal={Adaptive Behavior},
  volume={22},
  number={4},
  pages={221--234},
  year={2014}
}
@ARTICLE{2016arXiv160301121H,
   author = {{Heinrich}, J. and {Silver}, D.},
    title = {Deep Reinforcement Learning from Self-Play in Imperfect-Information Games},
  journal = {ArXiv e-prints},
archivePrefix = "arXiv",
   eprint = {1603.01121}
}

@INPROCEEDINGS{7737798, 
author={C. V. Analikwu and H. M. Schwartz}, 
booktitle={2016 IEEE International Conference on Fuzzy Systems (FUZZ-IEEE)}, 
title={Reinforcement learning in the guarding a territory game}, 
year={2016}, 
volume={}, 
number={}, 
pages={1007-1014}}

@article{MENG19995427,
title = "Fuzzy differential game method of guarding a territory problem",
journal = "IFAC Proceedings Volumes",
volume = "32",
number = "2",
pages = "5427 - 5432",
year = "1999",
note = "14th IFAC World Congress 1999, Beijing, Chia, 5-9 July",
issn = "1474-6670",
doi = "https://doi.org/10.1016/S1474-6670(17)56924-4",
url = "http://www.sciencedirect.com/science/article/pii/S1474667017569244",
author = "Xiangping Meng and Huaguang Zhang"
}

@Article{Raslan2016,
author="Raslan, Hashem
and Schwartz, Howard
and Givigi, Sidney",
title="A Learning Invader for the ``Guarding a Territory'' Game",
journal="Journal of Intelligent {\&} Robotic Systems",
year="2016",
month="Jul",
day="01",
volume="83",
number="1",
pages="55--70",
issn="1573-0409",
doi="10.1007/s10846-015-0317-9",
url="https://doi.org/10.1007/s10846-015-0317-9"
}

@INPROCEEDINGS{5530771, 
author={X. Lu and H. M. Schwartz}, 
booktitle={Proceedings of the 2010 American Control Conference}, 
title={An investigation of guarding a territory problem in a grid world}, 
year={2010}, 
volume={}, 
number={}, 
pages={3204-3210}, 
}

@INPROCEEDINGS{alexopoulos2015iros, 
author={A. Alexopoulos and T. Schmidt and E. Badreddin}, 
booktitle={International Conference on Intelligent Robots and Systems}, 
title={Cooperative pursue in pursuit-evasion games with unmanned aerial vehicles}, 
year={2015}, 
volume={}, 
number={}, 
pages={4538-4543}
}

@Article{Chung2011,
author="Chung, Timothy H.
and Hollinger, Geoffrey A.
and Isler, Volkan",
title="Search and pursuit-evasion in mobile robotics",
journal="Autonomous Robots",
year="2011",
month="Jul",
day="20",
volume="31",
number="4",
pages="299"
}

@Article{Shima2011,
author="Shima, Tal",
title="Optimal Cooperative Pursuit and Evasion Strategies Against a Homing Missile",
journal="Journal of Guidance, Control, and Dynamics",
year="2011"
}

@Article{Parker2002,
author="Parker, Lynne E.",
title="Distributed Algorithms for Multi-Robot Observation of Multiple Moving Targets",
journal="Autonomous Robots",
year="2002",
month="May",
day="01",
volume="12",
number="3",
pages="231--255"
}

@INPROCEEDINGS{bilgin2015, 
author={A. T. Bilgin and E. Kadioglu-Urtis}, 
booktitle={International Conference on Advanced Robotics}, 
title={An approach to multi-agent pursuit evasion games using reinforcement learning}, 
year={2015}, 
volume={}, 
number={}, 
pages={164-169}
}

@article{busoniu2008comprehensive,
  title={A comprehensive survey of multiagent reinforcement learning},
  author={Busoniu, Lucian and Babuska, Robert and De Schutter, Bart},
  journal={IEEE Transactions on Systems, Man, And Cybernetics-Part C: Applications and Reviews},
  year={2008}
}
@inproceedings{tan1993multi,
  title={Multi-agent reinforcement learning: Independent vs. cooperative agents},
  author={Tan, Ming},
  booktitle={Proceedings of the tenth international conference on machine learning},
  pages={330--337},
  year={1993}
}
@article{matignon2012independent,
  title={Independent reinforcement learners in cooperative markov games: a survey regarding coordination problems},
  author={Matignon, Laetitia and Laurent, Guillaume J and Le Fort-Piat, Nadine},
  journal={The Knowledge Engineering Review},
  volume={27},
  number={1},
  pages={1--31},
  year={2012}
}
@inproceedings{liu2010novel,
  title={A novel approach based on evolutionary game theoretic model for multi-player pursuit evasion},
  author={Liu, Renping and others},
  booktitle={International Conference on Computer, Mechatronics, Control and Electronic Engineering},
  volume={1},
  pages={107--110},
  year={2010}
}
@inproceedings{givigi2011,
  title={Decentralized learning in multiple pursuer-evader Markov games},
  author={Givigi, Sidney and Schwartz, Howard M},
  booktitle={19th Mediterranean Conference on Control \& Automation},
  pages={1379--1385},
  year={2011}
}
@inproceedings{wang2015research,
  title={Research on Pursuit-evasion games with multiple heterogeneous pursuers and a high speed evader},
  author={Wang, Hongpeng and Yue, Qiang and Liu, Jingtai},
  booktitle={27th Chinese Control and Decision Conference},
  pages={4366--4370},
  year={2015}
}

@Article{Conitzer2007,
author="Conitzer, Vincent
and Sandholm, Tuomas",
title="AWESOME: A general multiagent learning algorithm that converges in self-play and learns a best response against stationary opponents",
journal="Machine Learning",
year="2007",
month="May",
day="01",
volume="67",
number="1",
pages="23--43"
}

@InProceedings{pmlr-v48-he16,
  title = 	 {Opponent Modeling in Deep Reinforcement Learning},
  author = 	 {He He and Jordan Boyd-Graber and Kevin Kwok and Hal Daumé III},
  booktitle = 	 {Proceedings of The 33rd International Conference on Machine Learning},
  pages = 	 {1804--1813},
  year = 	 {2016},
  volume = 	 {48}
}

@inproceedings{Littman1994,
 author = {Littman, Michael L.},
 title = {Markov Games As a Framework for Multi-agent Reinforcement Learning},
 booktitle = {Proceedings of the 11th International Conference on International Conference on Machine Learning},
 year = {1994},
 pages = {157--163}
} 

@article{MirowskiPVSBBDG16,
  author    = {Piotr Mirowski and
               Razvan Pascanu and
               Fabio Viola and
               Hubert Soyer and
               Andrew J. Ballard and
               Andrea Banino and
               Misha Denil and
               Ross Goroshin and
               Laurent Sifre and
               Koray Kavukcuoglu and
               Dharshan Kumaran and
               Raia Hadsell},
  title     = {Learning to Navigate in Complex Environments},
  journal   = {CoRR},
  volume    = {abs/1611.03673},
  year      = {2016},
  url       = {http://arxiv.org/abs/1611.03673},
  archivePrefix = {arXiv},
  eprint    = {1611.03673},
  timestamp = {Mon, 13 Aug 2018 16:46:32 +0200},
  biburl    = {https://dblp.org/rec/bib/journals/corr/MirowskiPVSBBDG16},
  bibsource = {dblp computer science bibliography, https://dblp.org}
}

@article{kuo2015,
author = {Kuo, Jong Yih and Yu, Hsiang-Fu and Liu, Kevin Fong-Rey and Lee, Fang-Wen},
title = {Multiagent Cooperative Learning Strategies for Pursuit-Evasion Games},
journal = {Mathematical Problesm in Engineering},
year = {2015}
}

@article{antoniades2003, 
author={A. Antoniades and H. J. Kim and S. Sastry}, 
booktitle={42nd IEEE International Conference on Decision and Control (IEEE Cat. No.03CH37475)}, 
title={Pursuit-evasion strategies for teams of multiple agents with incomplete information}, 
year={2003}, 
pages={756--761}
}

@article{Hespanha01greedycontrol,
    author = {João P. Hespanha and George J. Pappas and Maria Prandini},
    title = {Greedy Control for Hybrid Pursuit-Evasion Games},
    year = {2001}
}

@article{GUIBAS1999,
author = {Guibas, Leonidas J. and Latombe, Jean-Claude and Lavalle, Steven M. and Lin, David and Motwani, Rajeev},
title = {A Visibility-Based Pursuit-Evasion Problem},
journal = {International Journal of Computational Geometry \& Applications},
volume = {09},
pages = {471-493},
year = {1999}
}

@article{vidal2002, 
author={R. Vidal and O. Shakernia and H. J. Kim and D. H. Shim and S. Sastry}, 
journal={IEEE Transactions on Robotics and Automation}, 
title={Probabilistic pursuit-evasion games: theory, implementation, and experimental evaluation}, 
year={2002}, 
volume={18}, 
number={5}, 
pages={662-669}
}

@article{tair2015, 
author={H. A. Tair and T. Taha and M. Al-Qutayri and J. Dias}, 
booktitle={International Conference on Information and Communication Technology Research}, 
title={Decentralized multi-agent POMDPs framework for humans-robots teamwork coordination in search and rescue}, 
year={2015},
pages={210-213}
}

@article{nair2005,
 author = {Nair, Ranjit and Tambe, Milind},
 title = {Hybrid BDI-POMDP Framework for Multiagent Teaming},
 journal = {Journal of Artificial Intelligence Resarch},
 volume = {23},
 number = {1}
 year = {2005},
 pages = {367--420}
} 


@inproceedings{amato2015,
 author = {Amato, Christopher and Oliehoek, Frans A.},
 title = {Scalable Planning and Learning for Multiagent POMDPs},
 booktitle = {Proceedings of the 29th AAAI Conference on Artificial Intelligence},
 year = {2015},
 pages = {1995--2002}
} 

@article{OmidshafieiPAHV17,
  title={Deep Decentralized Multi-task Multi-Agent Reinforcement Learning under Partial Observability},
  author={Shayegan Omidshafiei and Jason Pazis and Christopher Amato and Jonathan P. How and John Vian},
  booktitle={International Conferene on Machine Learning},
  year={2017}
}

@InProceedings{Gupta2017,
author="Gupta, Jayesh K.
and Egorov, Maxim
and Kochenderfer, Mykel",
title="Cooperative Multi-agent Control Using Deep Reinforcement Learning",
booktitle="Autonomous Agents and Multiagent Systems",
year="2017",
pages="66--83"
}

@Inbook{Bryant2018,
author="Bryant, Bobby D.
and Miikkulainen, Risto",
title="A Neuroevolutionary Approach to Adaptive Multi-agent Teams",
bookTitle="Foundations of Trusted Autonomy",
year="2018",
pages="87--115"
}

article{Lanctot2017,
  author    = {Marc Lanctot and
               Vin{\'{\i}}cius Flores Zambaldi and
               Audrunas Gruslys and
               Angeliki Lazaridou and
               Karl Tuyls and
               Julien P{\'{e}}rolat and
               David Silver and
               Thore Graepel},
  title     = {A Unified Game-Theoretic Approach to Multiagent Reinforcement Learning},
  journal   = {CoRR},
  volume    = {abs/1711.00832},
  year      = {2017},
  url       = {http://arxiv.org/abs/1711.00832},
  archivePrefix = {arXiv},
  eprint    = {1711.00832},
  timestamp = {Mon, 13 Aug 2018 16:48:13 +0200},
  biburl    = {https://dblp.org/rec/bib/journals/corr/abs-1711-00832},
  bibsource = {dblp computer science bibliography, https://dblp.org}
}

@ARTICLE{Zhang2014, 
author={Z. Zhang and D. Zhao}, 
journal={Journal of Automatica Sinica}, 
title={Clique-based cooperative multiagent reinforcement learning using factor graphs}, 
year={2014}, 
volume={1}, 
number={3}, 
pages={248-256}
}

@article{Yong2009,
 author = {Yong, C. H. and Miikkulainen, R.},
 title = {Coevolution of Role-Based Cooperation in Multiagent Systems},
 journal = {IEEE Trans. on Auton. Ment. Dev.},
 issue_date = {October 2009},
 volume = {1},
 number = {3},
 month = oct,
 year = {2009},
 pages = {170--186}
} 

@INPROCEEDINGS{Zhang2015, 
author={Q. Zhang and D. Zhao and Q. Wei and C. Li}, 
booktitle={34th Chinese Control Conference}, 
title={Consensus of heterogeneous multi-agent systems with switching topologies using input-output feedback linearization}, 
year={2015},
pages={6872-6877}
}

@techreport{Yong2001,
 author = {Yong, Chern H and Miikkulainen, Risto},
 title = {COOPERATIVE COEVOLUTION OF MULTI-AGENT SYSTEMS},
 year = {2001}
} 

@INPROCEEDINGS{Zhang2013, 
author={Z. Zhang and D. Zhao}, 
booktitle={4th International Conference on Intelligent Control and Information Processing}, 
title={Cooperative multiagent reinforcement learning using factor graphs}, 
year={2013}, 
pages={797-802}
}

@INPROCEEDINGS{Shao2017, 
author={K. Shao and Y. Zhu and D. Zhao}, 
booktitle={2017 IEEE Symposium Series on Computational Intelligence (SSCI)}, 
title={Cooperative reinforcement learning for multiple units combat in starCraft}, 
year={2017}, 
pages={1-6}
}

@article{FoersterFANW17,
  title={Counterfactual Multi-Agent Policy Gradients},
  author={Jakob N. Foerster and Gregory Farquhar and Triantafyllos Afouras and Nantas Nardelli and Shimon Whiteson},
  booktitle={Association for the Advancement of Artificial Intelligence},
  year={2018}
}

@INPROCEEDINGS{Tair2015, 
author={H. A. Tair and T. Taha and M. Al-Qutayri and J. Dias}, 
booktitle={International Conference on Information and Communication Technology Research}, 
title={Decentralized multi-agent POMDPs framework for humans-robots teamwork coordination in search and rescue}, 
year={2015}, 
pages={210-213}}



@inproceedings{agogino2004,
title={Efficient Allele Fitness Assignment with Self-organizing Multi-agent System},
author={Adrian Agogino and Risto Miikkulainen},
booktitle={Proceedings of the Genetic and Evolutionary Computation Conference (GECCO-2004) Workshop Program},
year={2004}
}

@InProceedings{Zhang2017,
author="Zhang, Zhen
and Wang, Dongqing
and Zhao, Dongbin
and Song, Tingting",
title="FMR-GA -- A Cooperative Multi-agent Reinforcement Learning Algorithm Based on Gradient Ascent",
booktitle="Neural Information Processing",
year="2017",
pages="840--848"
}

@ARTICLE{Zhang2017FMRQ, 
author={Z. Zhang and D. Zhao and J. Gao and D. Wang and Y. Dai}, 
journal={IEEE Transactions on Cybernetics}, 
title={FMRQ—A Multiagent Reinforcement Learning Algorithm for Fully Cooperative Tasks}, 
year={2017}, 
volume={47}, 
number={6}, 
pages={1367-1379}}

@article{Nair2005,
 author = {Nair, Ranjit and Tambe, Milind},
 title = {Hybrid BDI-POMDP Framework for Multiagent Teaming},
 journal = {J. Artif. Int. Res.},
 issue_date = {January 2005},
 volume = {23},
 number = {1},
 month = apr,
 year = {2005},
 pages = {367--420}
} 

@inproceedings{Jaques2019intrinsic,    
title={Intrinsic Social Motivation via Causal Influence in Multi-Agent RL},    
author={Jaques, Natasha and Lazaridou, Angeliki and Hughes, Edward and Gulcehre, Caglar and  Ortega, Pedro A. and  Strouse, DJ and  Leibo, Joel Z. and Freitas, Nando de},    
booktitle={Arxiv preprint},    
year={2019},    
url={https://arxiv.org/abs/1810.08647}
}

@article{LererP17,
  author    = {Adam Lerer and
               Alexander Peysakhovich},
  title     = {Maintaining cooperation in complex social dilemmas using deep reinforcement
               learning},
  journal   = {CoRR},
  volume    = {abs/1707.01068},
  year      = {2017},
  url       = {http://arxiv.org/abs/1707.01068},
  archivePrefix = {arXiv},
  eprint    = {1707.01068},
  timestamp = {Mon, 13 Aug 2018 16:48:30 +0200},
  biburl    = {https://dblp.org/rec/bib/journals/corr/LererP17},
  bibsource = {dblp computer science bibliography, https://dblp.org}
}

@ARTICLE{Zhao2015, 
author={D. Zhao and Y. Zhu}, 
journal={IEEE Transactions on Neural Networks and Learning Systems}, 
title={MEC—A Near-Optimal Online Reinforcement Learning Algorithm for Continuous Deterministic Systems}, 
year={2015}, 
volume={26}, 
number={2}, 
pages={346-356}, 
}

@inproceedings{Sunehag2018,
 author = {Sunehag, Peter and Lever, Guy and Gruslys, Audrunas and Czarnecki, Wojciech Marian and Zambaldi, Vinicius and Jaderberg, Max and Lanctot, Marc and Sonnerat, Nicolas and Leibo, Joel Z. and Tuyls, Karl and Graepel, Thore},
 title = {Value-Decomposition Networks For Cooperative Multi-Agent Learning Based On Team Reward},
 booktitle = {Proceedings of the 17th International Conference on Autonomous Agents and MultiAgent Systems},
 year = {2018},
 pages = {2085--2087}
} 

@INPROCEEDINGS{Zhang2018, 
author={Q. Zhang and D. Zhao and F. L. Lewis}, 
booktitle={2018 International Joint Conference on Neural Networks}, 
title={Model-Free Reinforcement Learning for Fully Cooperative Multi-Agent Graphical Games}, 
year={2018}, 
pages={1-6}}

@article{lowe2017multi,
  title={Multi-Agent Actor-Critic for Mixed Cooperative-Competitive Environments},
  author={Lowe, Ryan and Wu, Yi and Tamar, Aviv and Harb, Jean and Abbeel, Pieter and Mordatch, Igor},
  journal={Neural Information Processing Systems},
  year={2017}
}

@inproceedings{Leibo2017,
 author = {Leibo, Joel Z. and Zambaldi, Vinicius and Lanctot, Marc and Marecki, Janusz and Graepel, Thore},
 title = {Multi-agent Reinforcement Learning in Sequential Social Dilemmas},
 booktitle = {Proceedings of the 16th International Conference on Autonomous Agents and MultiAgent Systems},
 year = {2017},
 pages = {464--473}
} 

@Inbook{Miikkulainen2012,
author="Miikkulainen, Risto
and Feasley, Eliana
and Johnson, Leif
and Karpov, Igor
and Rajagopalan, Padmini
and Rawal, Aditya
and Tansey, Wesley",
title="Multiagent Learning through Neuroevolution",
bookTitle="Advances in Computational Intelligence: IEEE World Congress on Computational Intelligence",
year="2012",
pages="24--46"
}

@inproceedings{Bryant2003NeuroevolutionFA,
  title={Neuroevolution for Adaptive Teams},
  author={Bobby D. Bryant and Risto Miikkulainen},
  year={2003}
}

@article{Rashid2018,
  author    = {Tabish Rashid and
               Mikayel Samvelyan and
               Christian Schr{\"{o}}der de Witt and
               Gregory Farquhar and
               Jakob N. Foerster and
               Shimon Whiteson},
  title     = {{QMIX:} Monotonic Value Function Factorisation for Deep Multi-Agent
               Reinforcement Learning},
  journal   = {CoRR},
  volume    = {abs/1803.11485},
  year      = {2018},
  url       = {http://arxiv.org/abs/1803.11485},
  archivePrefix = {arXiv},
  eprint    = {1803.11485},
  timestamp = {Mon, 13 Aug 2018 16:46:51 +0200},
  biburl    = {https://dblp.org/rec/bib/journals/corr/abs-1803-11485},
  bibsource = {dblp computer science bibliography, https://dblp.org}
}

@INPROCEEDINGS{Hu2010, 
author={Z. Hu and D. Zhao}, 
booktitle={9th IEEE International Conference on Cognitive Informatics}, 
title={Reinforcement learning for multi-agent patrol policy}, 
year={2010}, 
volume={}, 
number={}, 
pages={530-535}}





@inproceedings{Guestrin2002,
 author = {Guestrin, Carlos and Lagoudakis, Michail G. and Parr, Ronald},
 title = {Coordinated Reinforcement Learning},
 booktitle = {Proceedings of the Nineteenth International Conference on Machine Learning},
 year = {2002},
 pages = {227--234},
} 

@inproceedings{Ng1999,
 author = {Ng, Andrew Y. and Harada, Daishi and Russell, Stuart J.},
 title = {Policy Invariance Under Reward Transformations: Theory and Application to Reward Shaping},
 booktitle = {Proceedings of the 16th International Conference on Machine Learning},
 year = {1999}
 pages = {278--287}
}

@article{max2018marl,
  author    = {Max Jaderberg and
               Wojciech M. Czarnecki and
               Iain Dunning and
               Luke Marris and
               Guy Lever and
               Antonio Garc{\'{\i}}a Casta{\~{n}}eda and
               Charles Beattie and
               Neil C. Rabinowitz and
               Ari S. Morcos and
               Avraham Ruderman and
               Nicolas Sonnerat and
               Tim Green and
               Louise Deason and
               Joel Z. Leibo and
               David Silver and
               Demis Hassabis and
               Koray Kavukcuoglu and
               Thore Graepel},
  title     = {Human-level performance in first-person multiplayer games with population-based
               deep reinforcement learning},
  journal   = {CoRR},
  volume    = {abs/1807.01281},
  year      = {2018},
  url       = {http://arxiv.org/abs/1807.01281},
  archivePrefix = {arXiv},
  eprint    = {1807.01281},
  timestamp = {Mon, 13 Aug 2018 16:48:08 +0200},
    bibsource = {dblp computer science bibliography, https://dblp.org}
}

@inproceedings{paszke2017automatic,
  title={Automatic differentiation in PyTorch},
  author={Paszke, Adam and Gross, Sam and Chintala, Soumith and Chanan, Gregory and Yang, Edward and DeVito, Zachary and Lin, Zeming and Desmaison, Alban and Antiga, Luca and Lerer, Adam},
  booktitle={Neural Information Processing Systems Workshop},
  year={2017}
}

@article{KingmaB2014ICLR,
  author    = {Diederik P. Kingma and
               Jimmy Ba},
  title     = {Adam: {A} Method for Stochastic Optimization},
  journal   = {CoRR},
  volume    = {abs/1412.6980},
  year      = {2014},
  url       = {http://arxiv.org/abs/1412.6980},
  archivePrefix = {arXiv},
  eprint    = {1412.6980},
  timestamp = {Mon, 13 Aug 2018 16:47:35 +0200},
  biburl    = {https://dblp.org/rec/bib/journals/corr/KingmaB14},
  bibsource = {dblp computer science bibliography, https://dblp.org}
}